@misc{mike,
    author = {Mike Taylor},
    title = {Equipment on the {C}ambridge women's boat},
    year = {2013},
}

@manual{rp2040,
title = {{RP2040} Datasheet A microcontroller by {R}aspberry {P}i},
year = {2022}, 
author = {{Raspberry Pi}},
}

@online{rowcus,
  author = {ROWCUS},
  title = {{ROWCUS} $\vert$  {R}earview radar for collision avoidance},
  year = 2022,
  url = {https://www.rowcus.com/},
  urldate = {November 2022}
}

@misc{epidemic,
  title={Epidemic routing for partially connected ad hoc networks},
  author={Amin Vahdat and David Becker},
  year={2000},
  publisher={Technical Report CS-200006, Duke University}
}

@article{prnet,
  title={The {DARPA} packet radio network protocols},
  author={John Jubin and Janet Tornow},
  journal={Proceedings of the IEEE},
  volume={75},
  number={1},
  pages={21--32},
  year={1987},
  publisher={IEEE}
}

@inproceedings{suran,
  title={Accomplishments of the {DARPA SURAN} Program},
author = {David Beyer}, 
  booktitle={IEEE Conference on Military Communications},
  pages={855--862},
  year={1990},
  organization={IEEE}
}

@inproceedings{military,
  title={Computational challenges of dynamic channel assignment for military {MANET}},
author = {Paul Nicholas and Karla Hoffman}, 
  booktitle={MILCOM 2015-2015 IEEE Military Communications Conference},
  pages={1150--1157},
  year={2015},
  organization={IEEE}
}

@inproceedings{vehicle,
  title={AD HOC Networks for the Autonomous Car},
author = {Ron Davidescu and Negrus Eugen}, 
  booktitle={IOP Conference Series: Materials Science and Engineering},
  volume={252},
  number={1},
  pages={012094},
  year={2017},
  organization={IOP Publishing}
}

@inproceedings{disaster,
  title={{MANET} for Disaster Relief based on {NDN}},
author={Yang Jin and Xiaobin Tan and Weiwei Feng and Jinyang Lv and Aerman Tuerxun and Kunpeng Wang},
  booktitle={2018 1st IEEE International Conference on Hot Information-Centric Networking (HotICN)},
  pages={147--153},
  year={2018},
  organization={IEEE}
}

@misc{ib,
author={Andrew Moore},
title = {Computer Networking Slide Set for {IB} Computer Science},
publisher = {Cambridge University},
year = {2022},
}

@online{agilep,
author = {Kent Beck and Mike Beedle and Arie van Bennekum and Alistair Cockburn and Ward Cunningham and Martin Fowler and James Grenning and Jim Highsmith and Andrew Hunt and Ron Jeffries  and Jon Kern and Brian Marick and Robert C. Martin and Steve Mellor and Ken Schwaber and Jeff Sutherland and Dave Thomas}, 
title = {Agile {P}rinciples}, 
year = {2001},
url = {https://agilemanifesto.org/principles.html},
}

@online{agile,
author = {Kent Beck and Mike Beedle and Arie van Bennekum and Alistair Cockburn and Ward Cunningham and Martin Fowler and James Grenning and Jim Highsmith and Andrew Hunt and Ron Jeffries  and Jon Kern and Brian Marick and Robert C. Martin and Steve Mellor and Ken Schwaber and Jeff Sutherland and Dave Thomas}, 
title = {Agile {M}anifesto}, 
year = {2001},
url = {https://agilemanifesto.org},
}

@inproceedings{batman,
  title={Experimental evaluation of {BATMAN} and {BATMAN-A}dv routing protocols in a mobile testbed},
  author={Kiran, K and Kaushik, NP and Sharath, S and Shenoy, P Deepa and Venugopal, KR and Prabhu, Vignesh T},
  booktitle={TENCON 2018-2018 IEEE Region 10 Conference},
  pages={1538--1543},
  year={2018},
  organization={IEEE}
}

@inproceedings{gpsr,
  title={{GPSR}: Greedy perimeter stateless routing for wireless networks},
  author={Karp, Brad and Kung, Hsiang-Tsung},
  booktitle={Proceedings of the 6th annual international conference on Mobile computing and networking},
  pages={243--254},
  year={2000}
}

@online{boat,
  author = {Simon Ramskill},
  title = {Tweet by @lliksmar},
  year = 2023,
  url = {https://twitter.com/lliksmar/status/1637147870682906624?cxt=HHwWgIC8zY_UqLgtAAAA},
  urldate = {April 2023},
}

@online{buypico,
publisher = {The Pi Hut},
year = {2023},
title = {Raspberry {P}i {P}ico $\vert$ The {P}i {H}ut}, 
url = {https://thepihut.com/products/raspberry-pi-pico},
}

@article{macaw,
  title={MACAW: A media access protocol for wireless LAN's},
  author={Bharghavan, Vaduvur and Demers, Alan and Shenker, Scott and Zhang, Lixia},
  journal={ACM SIGCOMM Computer Communication Review},
  volume={24},
  number={4},
  pages={212--225},
  year={1994},
  publisher={ACM New York, NY, USA}
}

@misc{princom, 
author = {Jon Crowcroft}, 
year = {2022},
title = {Pat {II} Lecture notes of principles of communications},}

@techreport{d2,
  title={Mobile ad hoc networking (MANET): Routing protocol performance issues and evaluation considerations},
  author={Scott Corson and Joseph Macker},
  year={1999}
}

@misc{gpsdata,
title = {{CD-PA1616S GPS} patch antenna module data sheet {V.04}}, 
author={{CD Technology}}
}

@article{haversine,
  title={The cosine-haversine formula},
  author={Robusto, C Carl},
  journal={The American Mathematical Monthly},
  volume={64},
  number={1},
  pages={38--40},
  year={1957},
  publisher={JSTOR}
}

@manual{radiodata, 
author = {{Hoperf Electronic}},
title = {{RFM69HCW  ISM} transceiver module {V}1.1}}

@online{blinka,
  author = {AdaFruit},
  title = {Adafruit Blinka Library},
  year = 2022,
  url = {https://docs.circuitpython.org/projects/blinka/en/latest/index.html},
  urldate = {December 2022}
}

@article{satellite,
  title={Adaptive Kalman filtering for {INS/GPS}},
  author={Mohamed, AH and Schwarz, KP},
  journal={Journal of geodesy},
  volume={73},
  pages={193--203},
  year={1999},
  publisher={Springer}
}

@online{googlemapsgeneral,
author = {Google},
year = {2023},
title = {Google Maps}, 
url = {https://www.google.co.uk/maps},
  urldate = {October 2022},
}

@online{pinout, 
author = {{Raspberry Pi}},
year = {2022},
title = {Raspberry Pi Pico Pinout}, 
url = {https://datasheets.raspberrypi.com/pico/Pico-R3-A4-Pinout.pdf},
  urldate = {October 2022},}

@online{radiogit, 
author = {GitHub},
year = {2022},
title = {Adafruit {I}ndustries}, 
url = {https://github.com/adafruit},
  urldate = {December 2022},}

@online{earth,
author = {Google},
year = {2023},
title = {Google Earth}, 
url = {https://earth.google.com},
  urldate = {October 2022},
}


